@inproceedings{shah2015approval,
  title={Approval voting and incentives in crowdsourcing},
  author={Shah, Nihar B and Zhou, Dengyong and Peres, Yuval},
  booktitle={International Conference on Machine Learning (ICML)},
  year={2015}
}

@inproceedings{vuurens2011much,
  title={How much spam can you take? an analysis of crowdsourcing results to increase accuracy},
  author={Vuurens, Jeroen and de Vries, Arjen P and Eickhoff, Carsten},
  booktitle={ACM SIGIR Workshop on Crowdsourcing for Information Retrieval},
  pages={21--26},
  year={2011}
}

@article{liu2012cdas,
  title={Cdas: a crowdsourcing data analytics system},
  author={Liu, Xuan and Lu, Meiyu and Ooi, Beng Chin and Shen, Yanyan and Wu, Sai and Zhang, Meihui},
  journal={Proceedings of the VLDB Endowment},
  volume={5},
  number={10},
  pages={1040--1051},
  year={2012},
  publisher={VLDB Endowment}
}

@article{li2015crowd,
    author={G. Li and J. Wang and Y. Zheng and M. Franklin},
    journal={IEEE Transactions on Knowledge and Data Engineering},
    title={Crowdsourced Data Management: A Survey},
    year={2016},
    volume={PP},
    number={99},
    pages={1-23}
}

@article{raykar2010learning,
  title={Learning from crowds},
  author={Raykar, Vikas C and Yu, Shipeng and Zhao, Linda H and Valadez, Gerardo Hermosillo and Florin, Charles and Bogoni, Luca and Moy, Linda},
  journal={Journal of Machine Learning Research},
  volume={11},
  number={Apr},
  pages={1297--1322},
  year={2010}
}

@inproceedings{zhou2014aggregating,
  title={Aggregating Ordinal Labels from Crowds by Minimax Conditional Entropy.},
  author={Zhou, Dengyong and Liu, Qiang and Platt, John C and Meek, Christopher},
  booktitle={ICML},
  pages={262--270},
  year={2014}
}

@article{ipeirotis2014repeated,
  title={Repeated labeling using multiple noisy labelers},
  author={Ipeirotis, Panagiotis G and Provost, Foster and Sheng, Victor S and Wang, Jing},
  journal={Data Mining and Knowledge Discovery},
  volume={28},
  number={2},
  pages={402--441},
  year={2014},
  publisher={Springer}
}

@incollection{simpson2015bayesian,
  title={Bayesian methods for intelligent task assignment in crowdsourcing systems},
  author={Simpson, Edwin and Roberts, Stephen},
  booktitle={Decision Making: Uncertainty, Imperfection, Deliberation and Scalability},
  pages={1--32},
  year={2015},
  publisher={Springer}
}

@inproceedings{zhang2015task,
  title={Task selection for bandit-based task assignment in heterogeneous crowdsourcing},
  author={Zhang, Hao and Sugiyama, Masashi},
  booktitle={2015 Conference on Technologies and Applications of Artificial Intelligence (TAAI)},
  pages={164--171},
  year={2015},
  organization={IEEE}
}

@inproceedings{ritter2011named,
  title={Named entity recognition in tweets: an experimental study},
  author={Ritter, Alan and Clark, Sam and Etzioni, Oren and others},
  booktitle={Proceedings of the Conference on Empirical Methods in Natural Language Processing},
  pages={1524--1534},
  year={2011},
  organization={Association for Computational Linguistics}
}

@article{hoffman2009survey,
  title={A survey of attack and defense techniques for reputation systems},
  author={Hoffman, Kevin and Zage, David and Nita-Rotaru, Cristina},
  journal={ACM Computing Surveys (CSUR)},
  volume={42},
  number={1},
  pages={1},
  year={2009},
  publisher={ACM}
}

@article{chenincentivizing,
  title={Incentivizing Crowdsourcing Systems with Network Effects},
  author={Chen, Yanjiao and Li, Baochun and Zhang, Qian},
  booktitle={INFOCOM, 2013 Proceedings IEEE},
  pages={2076--2084},
  year={2013},
  organization={IEEE}
}

@inproceedings{kamar2012incentives,
  title={Incentives for truthful reporting in crowdsourcing},
  author={Kamar, Ece and Horvitz, Eric},
  booktitle={Proceedings of the 11th international conference on autonomous agents and multiagent systems-volume 3},
  pages={1329--1330},
  year={2012},
  organization={International Foundation for Autonomous Agents and Multiagent Systems}
}

@article{miller2005eliciting,
  title={Eliciting informative feedback: The peer-prediction method},
  author={Miller, Nolan and Resnick, Paul and Zeckhauser, Richard},
  journal={Management Science},
  volume={51},
  number={9},
  pages={1359--1373},
  year={2005},
  publisher={INFORMS}
}

@inproceedings{kamar2012incentives,
  title={Incentives for truthful reporting in crowdsourcing},
  author={Kamar, Ece and Horvitz, Eric},
  booktitle={Proceedings of the 11th international conference on autonomous agents and multiagent systems-volume 3},
  pages={1329--1330},
  year={2012},
  organization={International Foundation for Autonomous Agents and Multiagent Systems}
}

@inproceedings{radanovic2013robust,
  title={A robust Bayesian truth serum for non-binary signals},
  author={Radanovic, Goran and Faltings, Boi},
  booktitle={Proceedings of the Twenty-Seventh AAAI Conference on Artificial Intelligence},
  pages={833--839},
  year={2013},
  organization={AAAI Press}
}

@inproceedings{shah2015double,
  title={Double or nothing: Multiplicative incentive mechanisms for crowdsourcing},
  author={Shah, Nihar Bhadresh and Zhou, Denny},
  booktitle={Advances in Neural Information Processing Systems},
  pages={1--9},
  year={2015}
}

@inproceedings{witkowski2013dwelling,
  title={Dwelling on the negative: Incentivizing effort in peer prediction},
  author={Witkowski, Jens and Bachrach, Yoram and Key, Peter and Parkes, David Christopher},
  booktitle={First AAAI Conference on Human Computation and Crowdsourcing},
  year={2013}
}

@inproceedings{rokicki2016just,
  title={Just in Time: Controlling Temporal Performance in Crowdsourcing Competitions},
  author={Rokicki, Markus and Zerr, Sergej and Siersdorfer, Stefan},
  booktitle={Proceedings of the 25th International Conference on World Wide Web},
  pages={817--827},
  year={2016},
  organization={International World Wide Web Conferences Steering Committee}
}

@article{wang2011estimating,
  title={Estimating the completion time of crowdsourced tasks using survival analysis models},
  author={Wang, Jing and Faridani, Siamak and Ipeirotis, Panagiotis},
  journal={Crowdsourcing for search and data mining (CSDM 2011)},
  volume={31},
  year={2011}
}

@inproceedings{witkowski2012peer,
  title={Peer prediction without a common prior},
  author={Witkowski, Jens and Parkes, David C},
  booktitle={Proceedings of the 13th ACM Conference on Electronic Commerce},
  pages={964--981},
  year={2012},
  organization={ACM}
}

@article{vullioud2016confidence,
  title={Confidence as an Expression of Commitment: Why Misplaced Expressions of Confidence Backfire},
  author={Vullioud, C and Cl{\'e}ment, F and Scott-Phillips, T and Mercier, H},
  journal={Evolution and Human Behavior},
  year={2016},
  publisher={Elsevier}
}

@article{von2008designing,
  title={Designing games with a purpose},
  author={Von Ahn, Luis and Dabbish, Laura},
  journal={Communications of the ACM},
  volume={51},
  number={8},
  pages={58--67},
  year={2008},
  publisher={ACM}
}

@inproceedings{jurca2006minimum,
  title={Minimum payments that reward honest reputation feedback},
  author={Jurca, Radu and Faltings, Boi},
  booktitle={Proceedings of the 7th ACM conference on Electronic commerce},
  pages={190--199},
  year={2006},
  organization={ACM}
}

@inproceedings{jurca2007collusion,
  title={Collusion-resistant, incentive-compatible feedback payments},
  author={Jurca, Radu and Faltings, Boi},
  booktitle={Proceedings of the 8th ACM conference on Electronic commerce},
  pages={200--209},
  year={2007},
  organization={ACM}
}

@article{jurca2009mechanisms,
  title={Mechanisms for making crowds truthful},
  author={Jurca, Radu and Faltings, Boi and others},
  journal={Journal of Artificial Intelligence Research},
  volume={34},
  number={1},
  pages={209},
  year={2009}
}

@article{prelec2004bayesian,
  title={A Bayesian truth serum for subjective data},
  author={Prelec, Dra{\v{z}}en},
  journal={science},
  volume={306},
  number={5695},
  pages={462--466},
  year={2004},
  publisher={American Association for the Advancement of Science}
}

@article{conitzer2010using,
  title={Using mechanism design to prevent false-name manipulations},
  author={Conitzer, Vincent and Yokoo, Makoto},
  journal={AI magazine},
  volume={31},
  number={4},
  pages={65--78},
  year={2010}
}

@article{riley2015mechanisms,
  title={Mechanisms for Making Accurate Decisions in Biased Crowds},
  author={Riley, Blake},
  year={2015}
}
